@inproceedings{dong2016aggregate,
  title={Aggregate Reverse Rank Queries},
  author={Dong, Yuyang and Chen, Hanxiong and Furuse, Kazutaka and Kitagawa, Hiroyuki},
  booktitle={International Conference on Database and Expert Systems Applications},
  pages={87--101},
  year={2016},
  organization={Springer}
}